<record><leader>00000cas a2200000 a 4500</leader><controlfield tag="001">9968125</controlfield><controlfield tag="008">830930u1982uuuumtumr ne      0    0eng c</controlfield><datafield ind1=" " ind2=" " tag="010"><subfield code="a">sn 93050706 </subfield></datafield><datafield ind1=" " ind2=" " tag="040"><subfield code="a">OKD</subfield><subfield code="b">eng</subfield><subfield code="c">OKD</subfield><subfield code="d">ANU</subfield><subfield code="d">OCL</subfield><subfield code="d">ANN</subfield><subfield code="d">NYS</subfield><subfield code="d">ZP2</subfield><subfield code="d">OCLCQ</subfield><subfield code="d">OCLCF</subfield><subfield code="d">OCLCO</subfield></datafield><datafield ind1="1" ind2=" " tag="029"><subfield code="a">AU@</subfield><subfield code="b">000010927675</subfield></datafield><datafield ind1=" " ind2=" " tag="042"><subfield code="a">pcc</subfield></datafield><datafield ind1=" " ind2=" " tag="043"><subfield code="a">n-us-az</subfield></datafield><datafield ind1="0" ind2="0" tag="245"><subfield code="a">Blackfeet tribal news.</subfield></datafield><datafield ind1="3" ind2="0" tag="246"><subfield code="a">Blackfeet tribal business news</subfield></datafield><datafield ind1=" " ind2=" " tag="260"><subfield code="a">Browning, Mont. :</subfield><subfield code="b">Blackfeet Media,</subfield><subfield code="c">1982-</subfield></datafield><datafield ind1=" " ind2=" " tag="300"><subfield code="a">v. :</subfield><subfield code="b">ill. ;</subfield><subfield code="c">41 cm.</subfield></datafield><datafield ind1=" " ind2=" " tag="310"><subfield code="a">Monthly</subfield></datafield><datafield ind1="0" ind2=" " tag="362"><subfield code="a">Vol. 1, issue 1 (Jan. 27, 1982)-</subfield></datafield><datafield ind1=" " ind2=" " tag="500"><subfield code="a">Masthead title: Blackfeet tribal business news, Jan. 27, 1982-Mar. 25, 1982.</subfield></datafield><datafield ind1=" " ind2=" " tag="550"><subfield code="a">Official publication of the Blackfeet Nation.</subfield></datafield><datafield ind1=" " ind2=" " tag="588"><subfield code="a">Latest issue consulted: Vol. IV, no. III (Mar. 1985).</subfield></datafield><datafield ind1=" " ind2="0" tag="650"><subfield code="a">Indians of North America</subfield><subfield code="z">Montana</subfield><subfield code="v">Newspapers.</subfield></datafield><datafield ind1=" " ind2="0" tag="650"><subfield code="a">Siksika Indians</subfield><subfield code="v">Newspapers.</subfield></datafield><datafield ind1=" " ind2="0" tag="651"><subfield code="a">Browning (Mont.)</subfield><subfield code="v">Newspapers.</subfield></datafield><datafield ind1=" " ind2="0" tag="651"><subfield code="a">Glacier County (Mont.)</subfield><subfield code="v">Newspapers.</subfield></datafield><datafield ind1=" " ind2="7" tag="655"><subfield code="a">Newspapers.</subfield><subfield code="2">fast</subfield><subfield code="0">(OCoLC)fst01423814</subfield></datafield><datafield ind1=" " ind2="7" tag="650"><subfield code="a">Indians of North America.</subfield><subfield code="2">fast</subfield><subfield code="0">(OCoLC)fst00969633</subfield></datafield><datafield ind1=" " ind2="7" tag="650"><subfield code="a">Siksika Indians.</subfield><subfield code="2">fast</subfield><subfield code="0">(OCoLC)fst01118464</subfield></datafield><datafield ind1=" " ind2="7" tag="651"><subfield code="a">Montana.</subfield><subfield code="2">fast</subfield><subfield code="0">(OCoLC)fst01207555</subfield></datafield><datafield ind1=" " ind2="7" tag="651"><subfield code="a">Montana</subfield><subfield code="z">Browning.</subfield><subfield code="2">fast</subfield><subfield code="0">(OCoLC)fst01230641</subfield></datafield><datafield ind1=" " ind2="7" tag="651"><subfield code="a">Montana</subfield><subfield code="z">Glacier County.</subfield><subfield code="2">fast</subfield><subfield code="0">(OCoLC)fst01210388</subfield></datafield><datafield ind1="2" ind2=" " tag="710"><subfield code="a">Blackfeet Media.</subfield></datafield><datafield ind1=" " ind2=" " tag="752"><subfield code="a">United States</subfield><subfield code="b">Montana</subfield><subfield code="c">Glacier</subfield><subfield code="d">Browning.</subfield></datafield></record>